<record><leader>00000cas a22000007a 4500</leader><controlfield tag="001">16727503</controlfield><controlfield tag="008">870922d19791984ohudn ne      0    0eng d</controlfield><datafield ind1=" " ind2=" " tag="010"><subfield code="a">sn 87075090 </subfield></datafield><datafield ind1=" " ind2=" " tag="040"><subfield code="a">ONP</subfield><subfield code="b">eng</subfield><subfield code="c">ONP</subfield><subfield code="d">OCLCQ</subfield></datafield><datafield ind1=" " ind2=" " tag="042"><subfield code="a">msc</subfield></datafield><datafield ind1="0" ind2=" " tag="130"><subfield code="a">Daily times (Portsmouth, Ohio : 1979)</subfield></datafield><datafield ind1="1" ind2="4" tag="245"><subfield code="a">The Daily times.</subfield></datafield><datafield ind1=" " ind2=" " tag="260"><subfield code="a">Portsmouth, Ohio :</subfield><subfield code="b">Paul E. Penix,</subfield><subfield code="c">1979-1984.</subfield></datafield><datafield ind1=" " ind2=" " tag="300"><subfield code="a">v.</subfield></datafield><datafield ind1=" " ind2=" " tag="310"><subfield code="a">Daily (except Sun.)</subfield></datafield><datafield ind1="0" ind2=" " tag="362"><subfield code="a">Vol. 127, no. 237 (Jan. 1, 1979)-v. 133, no. 146 (Sept. 8, 1984).</subfield></datafield><datafield ind1=" " ind2=" " tag="752"><subfield code="a">United States</subfield><subfield code="b">Ohio</subfield><subfield code="c">Scioto</subfield><subfield code="d">Portsmouth.</subfield></datafield><datafield ind1="0" ind2="0" tag="780"><subfield code="t">Portsmouth times (Portsmouth, Ohio : 1930)</subfield><subfield code="w">(DLC)sn 85042838</subfield></datafield><datafield ind1="0" ind2="0" tag="785"><subfield code="t">Portsmouth daily times (Portsmouth Ohio : 1984)</subfield><subfield code="w">(DLC)sn 86002381</subfield></datafield></record>